@misc{Alexandar:11:VoID,
  author       = "Keith Alexander and Richard Cyganiak and Michael Hausenblas and Jun Zhao",
  title        = "Describing Linked Datasets with the VoID Vocabulary",
  month        = "March",
  howpublished = {https://www.w3.org/TR/void/},
  year         = 2011,
  institution  = "W3C",
}

@misc{SparqleBuilderMetadata,
  author = {DBCLS},
  title = {SPARQL queries for SPARQL Builder Metadata},
  howpublished = {http://www.sparqlbuilder.org/doc/sparql-queries-for-sparql-builder-metadata/}
}

@misc{Leo:08:CoolUri,
  author       = "Leo Sauermann and Richard Cyganiak",
  title        = "Cool URIs for the Semantic Web",
  month        = "Descember",
  howpublished = {https://www.w3.org/TR/cooluris/},
  year         = 2008,
  institution  = "W3C",
}

@misc{Leigh:12:LinkedDataPatterns,
  author       = "Leigh Dodds and Ian Davis",
  title        = "Linked Data Patterns - A pattern catalogue for modelling, publishing, and consuming Linked Data",
  howpublished = {http://patterns.dataincubator.org},
  year         = 2012
}

@misc{Tim:06:LinkedDataRules,
  author       = "Tim Berners-Lee",
  title        = "Linked Data - Design Issues",
  howpublished = {https://www.w3.org/DesignIssues/LinkedData.html},
  year         = 2006
}
